<record xmlns='http://www.loc.gov/MARC21/slim'
><leader
  >02625ntm a2200349Ii 4500</leader
  ><controlfield tag='001'
  >991058302069906011</controlfield
  ><controlfield tag='005'
  >20220527135000.0</controlfield
  ><controlfield tag='008'
  >220506s1661    stk           000 0 eng d</controlfield
  ><datafield ind1=' ' ind2=' ' tag='035'
  ><subfield code='a'
    >(OCoLC)1314388692h</subfield
    ></datafield
  ><datafield ind1=' ' ind2=' ' tag='035'
  ><subfield code='a'
    >(OCoLC)on1314388692h</subfield
    ></datafield
  ><datafield ind1=' ' ind2=' ' tag='040'
  ><subfield code='a'
    >HRH</subfield
    ><subfield code='b'
    >eng</subfield
    ><subfield code='e'
    >dcrmmss</subfield
    ><subfield code='c'
    >HRH</subfield
    ></datafield
  ><datafield ind1=' ' ind2=' ' tag='041'
  ><subfield code='a'
    >eng</subfield
    ><subfield code='a'
    >lat</subfield
    ></datafield
  ><datafield ind1=' ' ind2=' ' tag='049'
  ><subfield code='a'
    >HRHH</subfield
    ></datafield
  ><datafield ind1=' ' ind2='9' tag='099'
  ><subfield code='a'
    >MS 3327, Container 84</subfield
    ></datafield
  ><datafield ind1='0' ind2='0' tag='245'
  ><subfield code='a'
    >Milke and hony, or a miscellanious collation of many Christian experien[c]es, sayinges contentes and severall pleases [=places] of scripturs improved :</subfield
    ><subfield code='k'
    >manuscript.</subfield
    ></datafield
  ><datafield ind1=' ' ind2=' ' tag='260'
  ><subfield code='a'
    >Scotland (Sutherland, Dunrobin, and Aberdeen?) ;</subfield
    ><subfield code='c'
    >1659-1661</subfield
    ></datafield
  ><datafield ind1=' ' ind2=' ' tag='300'
  ><subfield code='a'
    >91 leaves :</subfield
    ><subfield code='b'
    >paper,</subfield
    ><subfield code='c'
    >14 x 8 cm</subfield
    ></datafield
  ><datafield ind1=' ' ind2=' ' tag='336'
  ><subfield code='a'
    >text</subfield
    ><subfield code='b'
    >txt</subfield
    ><subfield code='2'
    >rdacontent</subfield
    ></datafield
  ><datafield ind1=' ' ind2=' ' tag='337'
  ><subfield code='a'
    >unmediated</subfield
    ><subfield code='b'
    >n</subfield
    ><subfield code='2'
    >rdamedia</subfield
    ></datafield
  ><datafield ind1=' ' ind2=' ' tag='338'
  ><subfield code='a'
    >volume</subfield
    ><subfield code='b'
    >nc</subfield
    ><subfield code='2'
    >rdacarrier</subfield
    ></datafield
  ><datafield ind1=' ' ind2=' ' tag='500'
  ><subfield code='a'
    >Title from caption.</subfield
    ></datafield
  ><datafield ind1=' ' ind2=' ' tag='506'
  ><subfield code='a'
    >Unrestricted, for either reading room or classroom use.</subfield
    ></datafield
  ><datafield ind1=' ' ind2=' ' tag='500'
  ><subfield code='a'
    >Copied by M. Gordone; below his signature on the front pastedown is a note scriptum Dunrobinibus dated 1659 April 9. Dunrobin Castle was the family seat of the Gordons, the Earls of Sutherland; they also held lands in Aberdeenshire.</subfield
    ></datafield
  ><datafield ind1=' ' ind2=' ' tag='520'
  ><subfield code='a'
    >Includes only the first forty paragraphs of Venning&apos;s original, first published in London, printed by T.[homas] R.[atcliffe] &amp; E.[dward] M.[ottershed] for John Rothwel, 1653. Followed by an unidentified commentary on several passages from the Gospel of Matthew in a disputation format, and concludes with eight theses and refutations in Latin concerning revelation, the covenants, incarnation, and the rational spirit.</subfield
    ></datafield
  ><datafield ind1=' ' ind2=' ' tag='590'
  ><subfield code='a'
    >MS 3327, Container 84: From the Gibson-Craig Collection (paper slip tipped-in on inside front cover); acquired by the Ransom Center (R5374) in 1973 from Jenkins and Company. Binding: Full brown tanned sheepskin over paper boards.  Straight (?) caps, cut-solid edges red sprinkled, tight back, smooth spine.  Blind-tooled two-line borders, front and back covers, worn double (?) lines blind-tooled across spine, remnant of paper label head end of spine.  Two fastenings fore edge: front cover -  brown tanned animal skin straps/metal hooks; back cover metal bar catchplates. No title, no endbands. Sewn on three alum-tawed thongs laced on boards. Endleaf components: front no endleaves, one text blank; back no endleaves, three text blanks.</subfield
    ></datafield
  ><datafield ind1='1' ind2=' ' tag='700'
  ><subfield code='a'
    >Gordone, M.,</subfield
    ><subfield code='e'
    >scribe.</subfield
    ></datafield
  ><datafield ind1='2' ind2=' ' tag='791'
  ><subfield code='a'
    >Gibson-Craig Collection.</subfield
    ></datafield
  ><datafield ind1='2' ind2=' ' tag='791'
  ><subfield code='a'
    >Medieval and Early Modern Manuscripts Collection.</subfield
    ></datafield
  ><datafield ind1=' ' ind2=' ' tag='752'
  ><subfield code='a'
    >Scotland,</subfield
    ><subfield code='e'
    >producation place.</subfield
    ></datafield
  ><datafield ind1='2' ind2=' ' tag='979'
  ><subfield code='a'
    >Gibson-Craig Collection.</subfield
    ></datafield
  ><datafield ind1='2' ind2=' ' tag='979'
  ><subfield code='a'
    >Medieval and Early Modern Manuscripts Collection.</subfield
    ></datafield
  ><datafield ind1=' ' ind2=' ' tag='994'
  ><subfield code='a'
    >C0</subfield
    ><subfield code='b'
    >HRH</subfield
    ></datafield
  ></record
>